@book{bib:McQuarrieSimon,
    title        = {Physical Chemistry: A Molecular Approach},
    author       = {Donald Allen McQuarrie and John Douglas Simon},
    publisher    = {University Science Books},
    year         = {1997},
    address      = {55D Gate Five Road, Sausalito, CA 94965}
}